<?xml version="1.0" encoding="UTF-8"?><collection xmlns="http://www.loc.gov/MARC21/slim"><record><leader>00549nam--2200181-i-4500</leader><controlfield tag="001">000011199</controlfield><controlfield tag="002">20161230</controlfield><controlfield tag="005">20170208151734</controlfield><controlfield tag="008">060222s1000------------r-----000-0-eng-d</controlfield><datafield ind1=" " ind2=" " tag="080"><subfield code="a">621.039.54(047):621.039.553(047)</subfield></datafield><datafield ind1=" " ind2=" " tag="100"><subfield code="a">Adam, J</subfield></datafield><datafield ind1=" " ind2=" " tag="245"><subfield code="a">Correlation between fuel pins irradiated in fast and thermal fluxes using the frump fuel pin modelling program</subfield></datafield><datafield ind1=" " ind2=" " tag="260"><subfield code="a">Harwell</subfield><subfield code="b">United Kingstom Atomic Energy Authority</subfield><subfield code="c">1975</subfield></datafield><datafield ind1=" " ind2=" " tag="300"><subfield code="a">8 p</subfield></datafield><datafield ind1=" " ind2=" " tag="490"><subfield code="a">8134</subfield></datafield><datafield ind1=" " ind2=" " tag="700"><subfield code="a">Hayns, M. R</subfield></datafield><datafield ind1=" " ind2=" " tag="852"><subfield code="a">50823</subfield></datafield><datafield ind1=" " ind2=" " tag="CAT"><subfield code="a">SYS</subfield><subfield code="c">20170208</subfield><subfield code="h">151734</subfield></datafield></record></collection>